@inproceedings{tomita1985efficient,
  title={An efficient context-free parsing algorithm for natural languages},
  author={Tomita, M.},
  booktitle={Proceedings of the 9th international joint conference on Artificial intelligence},
  pages={756--764},
  year={1985},
  organization={Citeseer}
}

@article{scott2007brnglr,
  title={BRNGLR: a cubic Tomita-style GLR parsing algorithm},
  author={Scott, E. and Johnstone, A. and Economopoulos, R.},
  journal={Acta Informatica},
  volume={44},
  number={6},
  pages={427--461},
  year={2007},
  publisher={Springer}
}

@article{knuth1965translation,
  title={On the translation of languages from left to right},
  author={Knuth, D.E.},
  journal={Information and control},
  volume={8},
  number={6},
  pages={607--639},
  year={1965},
  publisher={Elsevier}
}

@article{klint2011easy,
  title={EASY Meta-programming with Rascal},
  author={Klint, P. and van der Storm, T. and Vinju, J.},
  journal={Generative and Transformational Techniques in Software Engineering III},
  pages={222--289},
  year={2011},
  publisher={Springer}
}

@article{jflex,
	title={JFlex},
	url={http://jflex.de},
	note={\url{http://jflex.de}}
}

@article{javacup,
	title={JavaCup},
	author={Hudson, S and Flannery, F and Ananian, C and Wang, D and Appel, A},
	url={http://www.cs.princeton.edu/~appel/modern/java/CUP/},
	year={1999},
	note={\url{http://www.cs.princeton.edu/~appel/modern/java/CUP/}}
}

@article{flex,
	title={Flex},
	url={http://flex.sourceforge.net/},
	note={\url{http://flex.sourceforge.net/}}
}

@article{bison,
	title={Bison},
	url={http://www.gnu.org/software/bison/},
	note={\url{http://www.gnu.org/software/bison/}}
}

@article{sglr,
	title={SGLR},
	url={http://www.meta-environment.org/},
	note={\url{http://www.meta-environment.org/}}
}

@article{jsglr,
	title={JSGLR},
	url={http://www.program-transformation.org/Stratego/JSGLR},
	note={\url{http://www.program-transformation.org/Stratego/JSGLR/}}
}
